2717 4325
511 326 657 375 SATVRA
683 329 748 376 XIV

107 494 188 558 illud
206 515 273 558 non
289 495 405 578 agitas,
424 505 461 558 ut
478 505 628 560 sanctam
646 495 733 560 filius
750 497 841 560 omni

107 603 247 685 aspiciat
265 604 338 667 sine
354 604 429 667 labe
446 605 580 667 domum
597 604 746 687 vitioque
764 607 953 670 carentem?

107 722 239 795 gratum
258 721 310 775 est
328 713 416 795 quod
432 713 559 795 patriae
576 713 683 777 civem
699 714 891 797 populoque
907 715 1039 790 dedisti,
1121 743 1153 790 70

4 890 5 903 .
108 820 137 884 si
153 820 237 884 facis
254 829 291 883 ut
307 820 435 902 patriae
451 821 494 884 sit
513 820 663 896 idoneus,
683 821 775 885 utilis
792 823 891 905 agria,

107 928 200 992 utilis
218 938 251 992 et
269 928 430 992 bellorum
448 939 482 992 et
499 929 591 1012 pacis
608 931 709 993 rebus
727 931 876 1013 agendis.

107 1036 287 1118 plurimum
300 1038 390 1100 enim
402 1037 555 1101 intererit
567 1038 688 1121 quibus
699 1040 826 1103 artibus
837 1049 872 1102 et
883 1041 1004 1122 quibus
1015 1042 1103 1104 hunc
1115 1052 1152 1103 tu

4 1149 6 1195 ἵ
107 1146 257 1209 moribus
274 1146 438 1210 instituas.
487 1156 644 1228 serpente
660 1147 790 1234 ciconia
805 1149 913 1230 pullos

108 1254 214 1316 nutrit
233 1263 266 1317 et
283 1254 420 1318 inventa
435 1275 495 1337 per
512 1256 606 1318 devia
623 1276 700 1319 rura
716 1255 859 1320 lacerta:
1121 1283 1151 1334 75

108 1362 155 1425 illi
172 1364 288 1426 eadem
307 1364 448 1444 sumptis
464 1373 627 1446 quaerunt
645 1364 802 1428 animalia
817 1365 936 1447 pinnis.

108 1472 220 1535 vultur
236 1472 386 1535 iumento
403 1481 436 1534 et
453 1472 592 1536 canibus
605 1473 829 1556 ‚crucibusque
846 1473 970 1537 relictis

109 1582 151 1644 ad
166 1581 257 1644 fetus
275 1591 429 1662 properat
446 1590 642 1664 partemque
659 1582 830 1646 cadaveris
847 1582 977 1645 adfert:

110 1689 164 1753 hic
181 1698 232 1752 est
250 1710 329 1772 ergo
347 1689 441 1753 cibus
457 1690 571 1772 magni
587 1710 719 1773 quoque
735 1690 877 1754 vulturis
894 1700 927 1753 et
945 1711 981 1753 se

109 1798 287 1880 pascentis,
306 1798 439 1880 propria
455 1819 531 1862 cum
548 1797 612 1861 iam
629 1798 712 1862 facit
729 1799 846 1862 arbore
863 1798 969 1862 nidos.
1008 1793 1010 1796 ’
1120 1815 1153 1862 80

111 1908 169 1970 sed
186 1905 332 1989 leporem
351 1915 409 1969 aut
426 1927 576 1987 capream
594 1907 740 1970 famulae
758 1908 844 1970 Iovis
862 1917 896 1970 et
914 1927 1096 1989 generosae

110 2015 143 2078 in
162 2014 249 2079 saltu
265 2023 429 2078 venantur
445 2035 533 2090 aves,
554 2015 633 2079 hinc
650 2016 773 2098 praeda
789 2014 891 2079 cubili

110 2124 264 2206 ponitur:
289 2123 366 2187 inde
382 2132 494 2187 autem
512 2145 587 2188 cum
605 2144 641 2188 se
658 2133 788 2188 matura
804 2123 920 2188 levarit

109 2233 298 2316 progenies,
318 2233 512 2296 stimulante
528 2234 616 2296 fame
633 2233 773 2296 festinat
790 2234 831 2296 ad
848 2232 937 2296 illam

111 2362 209 2424 quam
226 2342 368 2422 primurn
385 2342 541 2423 praedam
559 2352 657 2423 rupto
674 2350 867 2423 gustaverat
885 2361 956 2405 ovo.
1120 2357 1136 2405 8
1141 2370 1155 2423 5

156 2450 365 2513 Aedificator
380 2459 451 2513 erat
470 2450 649 2513 Cretonius
667 2459 701 2513 et
719 2450 817 2513 modo
835 2470 936 2513 curvo

142 2640 183 2702 67.
202 2641 308 2699 scobis,
317 2641 436 2698 sawdnsa
443 2641 526 2690 which
535 2650 606 2691 costs
691 2654 730 2703 7²·
749 2643 836 2691 rebus
848 2641 986 2704 agendis:
1006 2641 1069 2689 Intr.
1083 2654 1121 2705 31.

111 2707 236 2771 nothing;
253 2706 286 2754 ef.
301 2707 366 2755 Hor.
378 2708 406 2756 S.
419 2708 455 2755 II.
469 2722 492 2767 4.
504 2707 533 2756 81
551 2710 606 2757 vr'li-
691 2721 730 2770 74.
749 2708 895 2765 instituas,
908 2709 989 2757 troin.

110 2776 156 2823 bus
171 2776 202 2822 in
218 2776 305 2836 scopis,
322 2776 351 2821 in
369 2775 477 2836 mappis,
494 2776 523 2821 in
540 2775 607 2822 scobe
691 2786 731 2839 75.
749 2774 842 2832 devia,
855 2776 1048 2839 unsrequented.

110 2848 223 2904 quantus
231 2841 606 2902 consistitsumprust-naec
691 2854 731 2902 77.
750 2841 880 2889 iumento
900 2875 906 2889 .
976 2840 1098 2890 relictis:
1115 2843 1153 2891 ie.

111 2908 256 2966 emendat,
270 2922 379 2955 removes
390 2907 442 2954 thir
453 2908 566 2956 blemisk.
657 2907 736 2973 flying
753 2907 821 2956 from
839 2907 884 2956 the
907 2922 1039 2957 carcasses
1057 2907 1086 2956 of
1103 2908 1155 2956 ani-

144 2974 184 3024 68.
203 2974 272 3023 illud
295 2988 353 3021 non
379 2974 483 3036 agitas,
506 2976 538 3022 do
554 2991 607 3037 you
658 2974 734 3033 mals,
747 2974 798 3023 and
815 2973 844 3022 oi
861 2975 946 3023 slaves
963 2989 997 3023 on
1015 2974 1058 3023 the
1074 2990 1153 3032 cross,

113 3045 172 3105 grin
189 3058 222 3090 no
238 3041 345 3103 thought
360 3046 383 3087 to
400 3041 514 3089 this?-
524 3055 607 3089 sanc·
658 3049 686 3089 to
703 3040 738 3088 its
756 3049 821 3090 nest.

110 3107 385 3173 tempure-omni
398 3107 476 3155 sine:
491 3108 519 3155 in
530 3108 608 3156 collo
692 3107 731 3169 78.
750 3108 836 3167 letne,
848 3111 881 3157 its
889 3125 985 3171 young.

111 3178 182 3241 quial
193 3178 323 3240 language
334 3175 377 3223 for
384 3177 439 3222 sine
451 3176 514 3232 ulla,
524 3174 606 3223 found
692 3188 731 3238 79.
751 3176 858 3238 magni,
863 3175 1028 3239 full-grown.

110 3245 185 3294 often
197 3245 224 3293 in
237 3245 345 3293 Plautus
357 3242 408 3292 and
421 3243 544 3291 Terence.
691 3241 731 3291 81.
751 3242 876 3291 famulae
899 3242 985 3301 lovis,
1002 3242 1044 3291 the
1060 3244 1155 3291 attend-

145 3326 184 3375 70.
209 3319 324 3377 gratum
349 3318 412 3359 est:
436 3310 456 3357 it
479 3310 501 3359 is
526 3324 608 3358 some·
657 3316 716 3358 ants
733 3311 841 3375 ofJooe,
858 3309 903 3358 the
919 3309 1020 3372 eagles;
1039 3308 1071 3357 cf.
1089 3309 1154 3356 Hor.

113 3380 187 3444 thing
198 3380 300 3444 worthy
311 3378 341 3427 oi
351 3377 537 3441 appreciation.
661 3378 687 3425 C.
714 3376 761 3424 IV.
785 3390 807 3436 4.
830 3389 840 3423 1
862 3378 1012 3424 ministrum
1025 3376 1155 3440 fulminis

145 3461 185 3508 71.
206 3447 316 3512 patriae
339 3446 480 3496 idoneus:
509 3445 607 3506 patria,
658 3445 752 3492 alitem.

111 3514 196 3567 found
212 3515 275 3579 only
287 3515 312 3562 in
325 3515 356 3570 P,
369 3528 428 3577 may
445 3513 478 3561 be
495 3518 608 3566 correct;
693 3509 741 3559 82..
750 3511 817 3559 hinc
828 3528 833 3557 :
845 3512 883 3558 ie.
893 3510 961 3558 from
974 3509 1018 3558 the
1030 3510 1092 3557 hare
1101 3509 1154 3558 and

112 3582 144 3631 ci.
159 3584 235 3631 Auct.
253 3582 290 3629 ad
298 3582 362 3629 Her.
376 3579 429 3627 111.
445 3592 458 3645 5
470 3596 510 3627 res
526 3580 609 3628 humi·
660 3593 711 3626 roe.
720 3606 752 3614 —
763 3577 850 3626 cubili
863 3597 887 3619 =
898 3580 927 3625 in
940 3578 1006 3625 nido.

111 3651 145 3697 lis
156 3655 313 3697 contemnere
324 3653 433 3709 oportere
451 3662 495 3694 nec
507 3647 610 3694 idoneas
693 3644 733 3709 83.
751 3645 833 3693 inde:
852 3650 897 3693 out
910 3643 939 3692 ol
949 3644 993 3692 the
1005 3651 1071 3692 nest.

112 3716 234 3778 dignitate
256 3730 303 3761 sua
326 3713 444 3761 medicare.
492 3712 543 3760 But
566 3711 609 3759 the
694 3710 783 3776 86-95.
803 3710 942 3760 Cretonius
954 3710 1035 3759 hada
1048 3709 1155 3772 passion

112 3781 226 3831 ablativo
232 3780 293 3829 with
303 3778 437 3828 idoneusis
446 3777 611 3843 exceedingly
661 3778 704 3825 for
714 3777 837 3841 building,
850 3777 901 3825 and
913 3785 989 3841 spent
1001 3777 1026 3825 in
1040 3777 1092 3827 this
1100 3792 1156 3842 way

112 3864 174 3898 rare.
662 3859 677 3892 a
695 3844 764 3907 good
782 3852 840 3907 part
857 3844 887 3892 of
902 3843 943 3892 his
960 3850 1096 3909 property3
1114 3843 1156 3892 his
