2717 4325
519 325 664 373 SATVRA
691 326 730 373 XI

99 502 256 576 spectant
273 493 336 557 hoc
354 502 478 576 nuptae
495 494 586 557 iuxta
603 495 785 558 recubante
801 497 930 572 marit0,

99 603 189 685 quod
206 603 329 684 pudeat
346 623 479 666 narrare
496 601 638 684 aliquem
656 605 890 685 praesentibus
908 605 998 687 ipsis,

100 711 353 774 inritamentum
371 711 503 775 veneris
520 711 711 794 languentis
729 723 763 776 et
780 734 873 777 acres

1 852 5 867 ι
100 819 214 882 divitis
231 819 376 896 urticae;
401 819 505 883 maior
521 829 635 883 tamen
652 821 718 884 ista
734 821 888 904 voluptas

100 928 239 991 alterius
256 948 365 1004 sexus,
385 929 491 1011 magis
508 928 565 992 ille
580 930 782 1006 extenditur,
801 940 834 994 et
853 951 929 994 mox

101 1036 239 1100 auribus
255 1045 356 1119 atque
372 1037 478 1101 oculis
496 1048 660 1120 concepta
677 1039 773 1102 urina
790 1049 951 1104 movetur.

103 1166 171 1209 non
188 1145 276 1227 capit
294 1145 354 1208 has
371 1167 477 1229 nugas
495 1146 629 1210 humilis
646 1148 775 1211 domus.
825 1148 937 1211 audiat
954 1148 1009 1211 ille

102 1262 268 1317 testarum
285 1255 430 1336 crepitus
448 1275 523 1318 cum
540 1255 659 1330 verbis,
679 1257 805 1318 nudum
823 1256 911 1319 olido
929 1267 1022 1320 stans
1056 1305 1058 1308 .

1 1448 2 1465 χ
103 1362 233 1426 fornice
249 1363 449 1445 mancipium
466 1364 588 1446 quibus
604 1364 763 1439 abstinet,
784 1364 839 1428 ille
855 1364 987 1428 fruatur

104 1579 163 1662 qui
181 1580 482 1644 Lacedaemonium
500 1581 682 1664 pytismate
699 1581 840 1644 lubricat
858 1583 991 1660 orbem;

105 1708 249 1770 namque
265 1688 312 1758 ibi
327 1689 482 1753 fortunae
498 1690 629 1752 veniam
646 1691 773 1754 damus.
823 1690 895 1762 alea
911 1693 1029 1773 turpis,

1 1834 2 1837 =
105 1807 203 1878 turpe
220 1805 253 1860 et
271 1796 470 1860 adulterium
487 1797 731 1861 mediocribus:
756 1798 837 1862 haec
856 1799 970 1861 eadem
989 1799 1034 1860 illi

105 1906 218 1968 omnia
233 1926 309 1969 cum
325 1905 460 1981 iaciant,
479 1906 600 1969 hilares
618 1907 782 1988 nitidique
799 1917 969 1970 vocantur.

107 2023 222 2077 nostra
238 2014 364 2077 dabunt
381 2014 464 2077 alios
481 2014 580 2077 hodie
597 2015 746 2077 convivia
762 2014 877 2078 ludos:

107 2123 259 2187 conditor
276 2121 399 2186 Iliados
416 2122 606 2187 cantabitur
622 2134 723 2205 atque
742 2123 891 2187 Maronis

107 2231 241 2295 altisoni
258 2232 391 2296 dubiam
408 2231 568 2295 facientia
584 2232 732 2296 carmina
748 2232 902 2314 palmam.

107 2341 186 2423 quid
203 2340 305 2403 refert
323 2340 408 2403 tales
424 2360 542 2403 versus
559 2362 625 2423 qua
641 2361 723 2403 voce
740 2340 918 2424 legantur?

143 2529 196 2577 171.
215 2530 273 2565 non
291 2515 375 2579 capit,
392 2517 447 2564 does
463 2523 507 2564 not
518 2518 603 2565 allow.

107 2582 209 2631 —ille:
222 2582 266 2631 the
279 2582 332 2630 rich
344 2598 413 2630 man.

144 2662 197 2708 172.
215 2656 367 2708 testarum,
380 2656 509 2698 castaneta.

144 2729 197 2779 173.
215 2716 401 2779 mancipium,
414 2717 490 2764 slave.

144 2796 171 2843 17
176 2794 197 2847 5.
218 2782 481 2832 Lacedaemonium
491 2786 603 2833 orbem:

108 2848 206 2898 mosaic
228 2857 381 2913 pavements
405 2849 434 2897 of
462 2850 545 2898 round
575 2866 604 2897 or

107 2916 168 2964 oval
187 2916 273 2979 pieces
291 2916 320 2964 of
339 2916 437 2965 marble
453 2916 523 2965 from
541 2917 603 2965 Tae·

108 2983 413 3047 natos-pytismate:
436 2984 501 3032 wine
523 2982 604 3031 taken

107 3051 134 3097 in
152 3048 197 3098 the
214 3050 305 3098 mouth
329 3051 381 3098 and
400 3050 463 3099 then
481 3051 532 3113 spit
549 3058 603 3099 out.

109 3116 604 3181 Cicero,speakingofAntony'srevels

109 3184 250 3232 atVarro's
258 3184 325 3241 villa,
333 3199 392 3249 says
400 3183 603 3249 (Phil.II.105):

108 3250 232 3298 natabant
237 3252 389 3312 pavimenta
404 3251 465 3299 vino
472 3266 484 3308 ;
502 3250 535 3298 cf.
548 3250 604 3299 also

110 3317 175 3364 Hor.
186 3319 213 3366 C.
223 3318 260 3365 11.
268 3330 305 3377 14.
314 3316 346 3366 26
354 3333 424 3365 mero
432 3320 530 3380 tinguet
533 3319 605 3379 pavi-

107 3384 605 3446 mentumsuperbo.—lubricat,makes

107 3453 227 3514 stittur-

144 3517 199 3576 176.
217 3518 265 3576 rbi,
278 3520 307 3566 in
322 3520 384 3566 such
403 3518 605 3566 care—fortu-

107 3599 174 3633 nae:
187 3586 224 3633 ie.
238 3584 282 3634 the
293 3585 418 3649 wealthy;
437 3585 469 3632 cf.
482 3585 505 3633 8.
520 3598 559 3645 74.

143 3665 198 3713 177.
218 3652 427 3702 mediocribus:
462 3654 499 3700 ie.
540 3667 606 3714 poor

107 3734 169 3767 men
181 3718 234 3767 and
246 3718 322 3767 those
331 3719 361 3766 ot
371 3719 421 3767 low
430 3717 605 3767 tanin-illi:

106 3789 144 3835 ie.
158 3785 204 3834 the
216 3785 277 3834 rich.

145 3852 198 3903 180.
217 3853 348 3902 conditor
377 3853 500 3901 Iliados:
534 3860 561 3900 at
590 3867 606 3899 a

656 2516 747 2565 dinner
764 2524 839 2582 party
856 2516 900 2565 the
921 2524 1010 2579 guests
1028 2532 1094 2565 were
1112 2532 1153 2566 en-

656 2582 783 2631 tertained
801 2583 827 2631 in
846 2584 949 2631 various
966 2598 1042 2647 ways.
1080 2584 1154 2650 Pliny

657 2651 718 2714 (Ep.
732 2650 753 2697 Ι.
769 2661 807 2714 15.
820 2649 854 2713 2),
867 2648 972 2712 chiding
985 2664 1001 2697 a
1012 2649 1097 2699 friend
1111 2649 1153 2697 be-

655 2732 733 2765 cause
746 2716 779 2764 he
792 2715 836 2764 did
848 2724 894 2764 not
906 2716 973 2778 keep
985 2716 1025 2765 his
1039 2717 1152 2780 promise
1205 2778 1206 2782 Ἰ

655 2790 683 2831 to
707 2783 766 2832 dine
784 2783 846 2831 with
864 2783 925 2841 him,
942 2798 1018 2847 says:
1042 2784 1153 2831 audr'sses

654 2851 779 2899 comoedos
796 2852 837 2898 vel
853 2850 966 2899 lectorem
987 2852 1030 2897 vel
1045 2851 1153 2913 lyristen

654 2918 702 2973 vel,
715 2933 779 2979 quae
790 2933 845 2965 mea
858 2918 1004 2974 liberalitas,
1018 2934 1110 2965 amnes.

691 2982 744 3031 181.
764 2984 881 3033 dubiam
906 2983 1049 3047 palmam:
1078 2984 1111 3031 cf.
1130 2984 1153 3033 6.

656 3064 704 3111 472
716 3051 775 3098 inde
786 3051 921 3099 Maronem
931 3056 1006 3113 atque
1016 3052 1070 3098 alia
1077 3057 1154 3112 parte

655 3120 683 3164 in
709 3119 809 3165 trutina
834 3118 966 3180 suspendit
989 3118 1153 3175 Homerum

656 3184 745 3243 Quint.
760 3185 792 3231 X.
808 3198 828 3231 1.
841 3183 856 3231 8
861 3196 874 3248 5
895 3184 1022 3246 Vergilius
1037 3185 1151 3232 omnium

655 3252 708 3297 eius
721 3252 824 3313 generis
841 3257 976 3313 poetarum
999 3252 1151 3299 Graecorum

656 3324 852 3381 nostrorumque
868 3317 942 3365 haud
956 3318 1029 3365 dubie
1043 3318 1155 3365 Homero

655 3385 803 3445 proximus.

692 3449 746 3499 182.
765 3465 821 3514 qua
837 3464 922 3499 voce:
941 3450 974 3499 cf.
987 3464 1010 3511 7.
1022 3450 1054 3499 82
1073 3452 1154 3499 curri·

656 3525 702 3565 tur
712 3518 749 3565 ad
757 3533 837 3565 vocem
851 3518 998 3565 iucundam.

693 3583 812 3647 183-208.
833 3585 926 3646 Forget
955 3584 989 3631 all
1017 3598 1076 3632 care
1102 3582 1154 3632 and

656 3649 741 3713 spend
758 3651 802 3699 the
820 3650 924 3715 holiday
941 3650 1002 3698 with
1021 3666 1069 3698 me.
1106 3652 1161 3698 Let'

657 3732 746 3783 young
762 3733 822 3766 men
840 3725 887 3780 put
904 3732 940 3765 on
957 3717 1001 3765 the
1022 3726 1084 3779 toga
1101 3715 1154 3765 and

657 3784 740 3833 warch
758 3784 803 3833 the
816 3798 888 3833 races
904 3784 930 3831 in
944 3783 989 3832 the
1003 3783 1097 3843 circus;
1117 3799 1154 3832 we

657 3851 707 3900 will
723 3851 788 3899 bask
800 3851 827 3898 in
840 3850 884 3899 the
896 3866 945 3899 sun
958 3857 984 3897 at
996 3849 1081 3899 home.
