2717 4325
500 927 720 991 ANCIENT
755 929 974 993 SOURCES

409 1119 495 1178 FOR
524 1121 616 1177 THE
645 1119 745 1177 LIFE
774 1119 832 1178 OF
859 1120 1056 1192 JUVENAL

347 1536 413 1597 lee
436 1535 625 1618 Biograplzy
649 1537 691 1617 of
709 1535 760 1597 tlte
789 1534 895 1598 Codex
917 1535 1123 1597 Pithoeanus

256 1710 364 1768 Iunius
378 1709 545 1779 Iuvenalis,
559 1708 699 1767 libertini
712 1708 877 1784 locupletis
893 1708 1046 1767 incertum
1063 1718 1111 1768 est
1123 1709 1206 1768 filius
1222 1729 1263 1767 an

213 1810 363 1879 alumnus,
381 1808 422 1867 ad
441 1807 574 1867 mediam
595 1809 659 1866 fere
679 1816 815 1866 aetatem
834 1807 1031 1878 declamavit,
1049 1808 1146 1866 animi
1162 1809 1264 1886 magis

212 1928 408 1985 causaquam
418 1908 503 1984 quod
513 1927 546 1966 se
556 1909 684 1966 scholae
694 1917 748 1966 aut
757 1909 827 1965 foro
837 1916 1046 1982 praepararet.
1065 1907 1180 1967 deinde
1190 1929 1264 1984 pau-

213 2029 319 2069 corum
330 2027 474 2067 versuum
482 2017 589 2066 satura
597 2026 661 2065 nou
670 2007 806 2066 absurde
816 2007 982 2082 conposita
993 2008 1023 2064 in
1033 2007 1178 2066 Paridem
1189 2029 1265 2084 pan-

213 2110 375 2169 tomimum
391 2117 579 2185 poetamque
593 2108 660 2167 eius
675 2107 901 2167 semenstribus
920 2107 1073 2167 militiolis
1089 2117 1263 2169 tumentem

212 2229 311 2288 genus
326 2210 501 2285 scripturae
516 2208 707 2267 industriose
728 2209 872 2267 excoluit.
897 2218 928 2267 et
944 2218 1050 2267 tamen
1066 2208 1119 2267 diu
1140 2227 1179 2267 ne
1201 2229 1262 2267 mo-

147 2348 149 2351 ·
213 2310 285 2369 dico
298 2310 424 2385 quidem
438 2309 596 2367 auditorio
609 2309 777 2384 quicquam
789 2308 985 2367 committere
997 2318 1045 2367 est
1058 2327 1157 2367 ausus.
1190 2328 1264 2367 mox

214 2429 328 2487 magna
344 2409 519 2485 frequentia
535 2426 712 2485 magnoque
728 2426 873 2466 successu
890 2408 939 2466 bis
954 2427 992 2466 ac
1003 2417 1050 2467 ter
1063 2408 1189 2467 auditus
1204 2419 1261 2479 est,

212 2519 248 2568 ut
261 2528 299 2568 ea
315 2527 438 2584 quoque
453 2526 533 2584 quae
549 2508 649 2583 prima
664 2508 782 2565 fecerat
798 2507 958 2565 inferciret
973 2508 1063 2566 novis
1078 2508 1206 2583 scriptis

255 2676 339 2752 quod
355 2694 419 2733 non
436 2675 513 2733 daut
530 2693 683 2750 proceres,
702 2674 792 2732 dabit
813 2674 934 2732 histrio.
982 2684 1016 2733 tu
1033 2674 1220 2734 Camerinos

254 2785 286 2835 et
302 2777 424 2845 Bareas,
442 2783 477 2832 tu
493 2774 645 2831 nobilium
660 2793 775 2851 magna
792 2775 872 2832 atria
888 2776 1002 2832 curas?

255 2876 431 2951 praefectos
447 2874 583 2949 Pelopea
598 2873 686 2944 facit,
706 2873 880 2932 Philomela
896 2874 1048 2932 tribunos.

253 3051 321 3100 erat
351 3050 416 3099 tum
447 3042 478 3097 in
509 3040 630 3098 deliciis
661 3039 750 3098 aulae
780 3040 891 3099 histrio
922 3039 1072 3114 multique
1102 3041 1262 3099 fautorum

211 3144 277 3201 eius
294 3140 425 3200 cottidie
440 3141 702 3215 provehebantur.
746 3140 832 3198 venit
847 3158 922 3216 ergo
939 3139 1098 3198 Iuvenalis
1115 3139 1148 3196 in
1164 3142 1262 3215 suspi-

211 3243 343 3312 cionem,
371 3241 462 3316 quasi
492 3251 633 3316 tempora
663 3242 795 3317 figurate
825 3249 974 3311 notasset,
1003 3259 1039 3297 ac
1069 3238 1177 3298 statim
1207 3242 1263 3315 per

210 3344 363 3400 honorem
385 3342 515 3400 militiae
537 3360 726 3417 quamquam
747 3341 968 3418 octogenarius
989 3340 1064 3399 urbe
1085 3351 1262 3400 summotus

209 3451 258 3502 est
281 3443 456 3518 missusque
480 3442 520 3500 ad
544 3442 773 3516 praefecturam
795 3441 936 3499 cohortis
959 3442 991 3497 in
1012 3450 1151 3499 extrema
1170 3453 1263 3517 parte

210 3543 372 3602 tendentis
384 3542 529 3620 Aegypti.
575 3541 608 3599 id
623 3539 771 3615 supplicii
785 3558 884 3616 genus
900 3540 1026 3615 placuit,
1040 3549 1074 3598 ut
1086 3540 1149 3599 levi
1165 3552 1262 3618 atque

211 3644 341 3702 ioculari
355 3643 473 3701 delicto
486 3661 541 3716 par
554 3650 644 3700 esset.
691 3658 796 3698 verum
809 3640 892 3697 intra
904 3640 1123 3698 brevissimum
1135 3650 1262 3717 tempus

210 3761 328 3819 angore
343 3752 375 3800 et
391 3741 497 3799 taedio
515 3740 616 3815 periit.
