2717 4325
211 304 257 354 128
631 305 836 354 IVVENALIS

198 473 330 535 Maura
346 471 409 546 die,
429 480 509 553 quot
526 471 708 554 discipulos
726 472 865 536 inclinet
884 473 1060 549 Hamillus,

210 600 399 663 percurram
417 579 515 642 citius
532 589 613 661 quot
631 580 727 643 villas
744 580 914 662 possideat
931 601 1022 645 nunc
1211 604 1261 656 225

209 709 274 772 quo
291 689 454 751 tondente
471 687 581 769 gravis
600 687 713 752 iuveni
730 688 812 751 mihi
828 690 931 753 barba
948 692 1097 755 sonabat.

210 797 266 861 ille
283 816 406 871 umero,
426 795 479 859 hic
497 796 629 871 lumbis,
649 797 703 861 hic
720 817 802 861 coxa
819 797 939 862 debilis
949 820 957 875 ;
983 800 1099 863 ambos

211 905 355 988 perdidit
373 904 427 967 ille
444 904 558 968 oculos
576 914 609 967 et
627 904 729 969 luscis
747 905 894 984 invidet;
919 907 1017 970 huius

210 1014 332 1096 pallida
347 1014 438 1077 labra
454 1014 564 1077 cibum
582 1013 751 1096 accipiunt
767 1014 884 1096 digitis
900 1015 1028 1091 alienis,

211 1123 282 1205 ipse
299 1123 340 1186 ad
356 1130 575 1204 conspectum
591 1142 694 1186 cenae
710 1123 869 1187 diducere
886 1123 1006 1188 rictum
1211 1148 1261 1199 230

211 1240 327 1295 suetus
345 1231 415 1294 hiat
432 1239 563 1294 tantum
581 1251 643 1294 ceu
660 1230 772 1312 pullus
788 1232 986 1308 hirundinis,
1006 1233 1046 1296 ad
1063 1253 1164 1315 quem

211 1361 268 1403 ore
285 1340 373 1402 volat
391 1339 489 1421 pleno
507 1348 613 1402 mater
630 1339 748 1404 ieiuna
798 1341 858 1404 sed
874 1342 966 1404 omni

212 1430 435 1512 membrorum
452 1449 573 1519 damno
591 1448 694 1511 maior
710 1449 889 1524 dementia,
908 1469 992 1532 quae
1009 1470 1071 1514 nec

212 1557 347 1619 nomina
363 1577 533 1619 servorum
551 1576 613 1619 nec
630 1555 760 1619 vultum
778 1557 930 1638 agnoscit
948 1557 1045 1621 amici

213 1686 287 1729 cunr
305 1685 370 1747 quo
387 1664 568 1746 praeterita
585 1664 717 1727 cenavit
734 1675 843 1739 nocte,
863 1686 925 1729 nec
942 1665 1015 1729 illos
1211 1690 1262 1743 ²35

211 1794 295 1856 quos
312 1773 438 1855 genuit,
457 1793 542 1854 quos
559 1772 684 1837 eduxit.
735 1793 811 1835 nam
829 1774 944 1837 codice
961 1794 1060 1838 saevo

212 1882 352 1944 heredes
368 1890 459 1944 vetat
477 1901 553 1944 esse
569 1901 657 1957 suos,
676 1883 765 1946 bona
781 1890 853 1945 tota
869 1884 1022 1946 feruntur

211 1991 252 2054 ad
270 1990 427 2066 Phialen3
449 1996 581 2052 tantum
600 1990 737 2053 artificis
755 1991 843 2053 valet
862 1991 985 2055 halitus
1003 1993 1079 2067 oris

211 2099 299 2182 quod
312 2107 456 2162 steterat
474 2097 587 2161 multis
604 2099 639 2161 in
656 2119 790 2164 carcere
806 2099 945 2164 fornicis
962 2100 1068 2166 annis.

212 2217 248 2271 ut
266 2208 401 2290 vigeant
419 2227 537 2271 seusus
555 2208 665 2283 animi,
684 2209 838 2272 ducenda
854 2217 967 2271 tamen
988 2219 1066 2273 sunt
1212 2234 1263 2281 240

211 2318 330 2380 funera
346 2327 510 2390 natorum,
529 2336 630 2398 rogus
647 2317 861 2398 aspiciendus
878 2326 1008 2381 amatae

211 2425 363 2508 coniugis
380 2434 414 2487 et
432 2424 544 2487 fratris
562 2425 746 2506 plenaeque
763 2425 932 2489 sororibus
950 2446 1060 2489 urnae.

211 2535 292 2598 haec
309 2535 387 2597 data
403 2553 512 2615 poena
528 2532 584 2595 diu
600 2532 801 2608 viventibus
820 2544 857 2597 ut
875 2544 1034 2597 renovata

211 2663 343 2725 semper
359 2641 453 2706 clade
469 2642 588 2705 domus
606 2642 720 2705 multis
739 2643 772 2705 in
789 2642 937 2705 luctibus
953 2641 1054 2726 inque

210 2760 373 2833 perpetuo
390 2770 540 2814 maerore
557 2760 590 2813 et
608 2751 705 2833 nigra
720 2760 815 2814 veste
833 2761 1020 2815 senescant.
1211 2777 1262 2829 ²45

211 2880 267 2923 rex
285 2859 408 2944 Pylius,
427 2879 548 2941 magno
566 2858 594 2922 si
611 2860 792 2942 quidquam
809 2860 919 2924 credis
938 2860 1097 2935 Hom'er0,
1167 2944 1172 2952 ἡ

244 3017 298 3065 226.
317 3018 382 3065 This
394 3032 467 3067 verse
485 3017 532 3065 has
546 3016 650 3081 already
663 3032 705 3079 ap
791 3032 846 3077 240.
864 3026 910 3067 ut:
929 3018 981 3066 this
995 3018 1145 3068 concessive
1164 3036 1212 3070 use
1230 3023 1261 3070 ol

209 3084 303 3148 peared
317 3092 343 3133 at
358 3097 378 3131 1.
393 3096 430 3148 25.
756 3092 786 3131 ut
801 3085 823 3133 is
841 3098 898 3133 rare
915 3084 942 3132 in
960 3085 1087 3145 Juvenal;
1105 3085 1140 3133 cf.
1154 3086 1178 3135 8.
1195 3100 1261 3148 2725

243 3163 298 3217 235·
318 3165 384 3200 curn
397 3165 468 3214 quo:
486 3166 530 3199 see
543 3151 607 3199 Intr.
620 3150 659 3210 48.
759 3165 795 3214 13.
810 3165 865 3200 roo.
1121 3156 1124 3160 '

243 3219 298 3282 236.
318 3232 415 3277 saevo,
428 3218 580 3266 unnaturol.
790 3232 845 3277 242.
865 3218 1260 3280 sororibus:fortheablative‚

243 3299 298 3349 237·
318 3299 396 3344 suos,
406 3286 447 3331 lis
454 3301 510 3333 oum
519 3285 643 3332 children.
681 3284 706 3331 If
757 3300 799 3332 see
813 3286 876 3333 Intr.
891 3298 929 3349 35.

208 3353 270 3417 they
293 3366 359 3401 were
386 3351 481 3415 passed
510 3366 573 3398 over
595 3351 706 3399 without
791 3365 846 3416 245·
865 3353 962 3416 nigra:
981 3352 1026 3399 the
1035 3352 1108 3401 color
1118 3353 1147 3401 of
1154 3369 1260 3403 mourn-

209 3420 324 3469 mention
343 3418 387 3467 the
405 3418 454 3467 will
472 3433 525 3466 was
544 3417 610 3465 void.
756 3420 815 3480 ing3
833 3418 865 3466 cf.
880 3434 902 3482 3.
917 3434 944 3466 21
950 3433 964 3482 3
972 3420 1073 3480 pullati
1078 3427 1203 3482 proceres.

244 3486 365 3548 240-288.
385 3487 520 3549 Although
545 3486 588 3533 the
608 3486 706 3533 mental
792 3486 846 3546 246.
865 3501 915 3534 rex
941 3486 1056 3547 Pylius:
1082 3488 1188 3536 Nestor.
1226 3491 1259 3538 In

207 3557 327 3605 faculties
352 3556 433 3604 retain
463 3554 531 3603 their
561 3554 640 3617 vigor,
665 3561 707 3618 yet
757 3555 791 3601 Il.
806 3554 826 3600 Ι.
840 3565 887 3617 250
900 3555 933 3603 he
950 3548 972 3602 i's
990 3554 1048 3603 said
1064 3562 1092 3602 to
1108 3555 1175 3603 have
1188 3556 1260 3606 lived

209 3640 286 3689 many
308 3623 506 3672 bereavements
530 3620 582 3669 and
608 3620 706 3669 mrsror-
757 3621 870 3684 through
889 3629 939 3670 two
961 3623 1129 3685 generations
1153 3625 1257 3687 (γενεαί)

209 3702 286 3739 tunes
304 3690 383 3739 befall
401 3689 444 3736 the
463 3687 530 3751 aged
549 3702 618 3745 man,
637 3687 706 3735 from
756 3687 808 3735 and
827 3695 854 3735 to
872 3688 904 3737 be
923 3690 1009 3751 ruling
1033 3704 1096 3737 over
1113 3691 1158 3739 the
1178 3691 1258 3739 third.

209 3757 292 3806 which
311 3772 327 3804 a
339 3756 426 3819 timely
438 3753 516 3802 death
535 3754 621 3803 would
639 3754 706 3801 have
758 3753 907 3817 According
921 3763 949 3803 to
968 3755 1123 3805 Herodotus
1137 3756 1185 3821 (II.
1200 3772 1257 3818 14²·

210 3821 348 3884 exempted
365 3821 426 3868 him.
487 3879 490 3883 .
759 3820 783 3883 2)
817 3821 890 3869 three
928 3822 1094 3884 generations
1129 3823 1205 3872 made
1241 3840 1258 3873 a
