2717 4325
209 329 257 381 178
627 333 831 382 IVVENALIS

209 508 308 562 nocte
326 501 460 562 brevem
479 501 507 562 si
520 501 608 564 forte
625 499 763 564 indulsit
781 521 860 564 cura
877 522 1029 585 soporem

209 616 242 669 et
260 617 332 670 toto
348 618 481 672 versata
497 618 571 672 toro
588 609 653 672 iam
671 610 822 673 membra
838 609 1026 691 quiescunt,

208 716 368 780 continuo
385 716 545 798 templum
564 726 598 780 et
611 716 727 780 violati
744 719 892 781 numinis
909 739 982 781 aras

208 834 252 898 et,
270 826 358 907 quod
376 825 561 906 praecipuis
578 836 726 888 mentem
745 827 923 889 sudoribus
941 837 1047 909 urget,
1212 858 1263 894 220

209 943 244 995 te
261 933 353 995 videt
370 933 404 995 in
422 934 568 1009 somnis;
592 943 650 997 tua
666 955 761 998 sacra
778 943 811 997 et
829 935 933 997 maior
950 935 1059 1016 imago

208 1042 353 1104 humana
370 1043 482 1105 turbat
501 1042 655 1123 pavidum
673 1043 832 1125 cogitque
848 1043 956 1106 fateri.

208 1150 242 1212 hi
259 1160 338 1213 sunt
355 1151 411 1233 qui
428 1150 597 1233 trepidant
614 1160 649 1214 et
666 1152 709 1214 ad
725 1152 837 1214 omnia
853 1151 986 1233 fulgura
999 1150 1135 1233 pallent,

208 1279 283 1322 cum
300 1268 407 1334 tonat,
426 1259 587 1323 exanimis
605 1261 712 1341 primo
730 1281 862 1342 quoque
878 1280 1047 1323 murmure
1065 1260 1160 1334 caeli,

208 1387 276 1429 non
293 1367 389 1449 quasi
404 1367 565 1431 fortuitus
582 1389 644 1432 nec
661 1377 839 1431 ventorum
857 1368 948 1432 rabie
966 1369 1024 1431 sed
1208 1395 1257 1446 225

207 1475 311 1538 iratus
328 1476 424 1539 cadat
441 1479 476 1539 in
493 1485 600 1540 terras
617 1486 651 1540 et
669 1477 793 1540 iudicet
812 1477 907 1559 ignis

207 1583 262 1647 illa
277 1583 361 1647 nihil
377 1585 500 1660 nocuit,
519 1605 598 1649 cura
614 1586 766 1667 graviore
783 1585 921 1648 timetur

206 1692 356 1774 proxima
371 1702 555 1774 tempestas
571 1692 662 1756 velut
680 1695 743 1757 hoc
761 1693 862 1756 dilata
879 1714 1004 1756 sereno.

207 1810 380 1882 praeterea
395 1800 508 1864 lateris
525 1801 618 1883 vigili
635 1823 710 1864 cum
728 1802 823 1865 febre
840 1801 987 1864 dolorem

207 1911 235 1972 si
251 1929 391 1990 coepere
409 1909 487 1990 pati,
506 1910 644 1972 missum
662 1911 703 1973 ad
721 1930 781 1973 sua
797 1930 935 1992 corpora
952 1911 1103 1974 morbum
1208 1935 1258 1984 230

207 2017 330 2080 infesto
347 2017 487 2080 credunt
505 2038 524 2080 a
540 2018 697 2093 numine;
723 2039 801 2081 saxa
817 2019 955 2082 deorum

207 2127 288 2189 haee
306 2135 339 2189 et
357 2125 424 2189 tela
441 2135 569 2208 putant.
619 2127 781 2209 pecudem
800 2128 964 2209 spondere
982 2127 1104 2193 sacello

206 2234 375 2298 balantem
394 2243 428 2297 et
448 2236 588 2298 Laribus
607 2236 741 2298 cristam
760 2237 957 2317 promittere
973 2236 1051 2317 galli

206 2330 273 2407 non
290 2345 434 2420 audent;
458 2344 536 2425 quid
554 2345 643 2407 enim
662 2365 795 2426 sperare
812 2344 1012 2408 nocentibus
1029 2344 1138 2425 aegris

206 2452 427 2515 concessum?
452 2452 504 2514 vel
522 2472 606 2534 quae
624 2473 691 2514 non
708 2452 841 2534 dignior
857 2452 969 2516 hostia
983 2453 1074 2515 vita?
1205 2484 1256 2537 235
1348 2504 1353 2513 ,

240 2658 294 2704 217.
314 2658 390 2701 cura,
406 2645 542 2691 solicitude.
752 2644 882 2706 lightning
890 2660 954 2693 were
962 2642 1095 2706 produced
1103 2642 1255 2708 byfriction

239 2710 294 2758 218.
313 2712 380 2766 iarn,
386 2710 491 2772 finally.
752 2710 781 2757 of
786 2710 830 2758 the
836 2709 939 2769 clouds;
948 2710 980 2759 cf.
988 2709 1130 2758 MinFelix
1137 2714 1256 2775 5.9nim-

240 2792 294 2826 220.
313 2777 482 2825 sudoribus:
499 2776 532 2824 cf.
548 2791 568 2823 r.
584 2776 637 2837 167.
752 2778 1255 2840 biscollidente'bustonitruamugire,ru-

239 2858 293 2891 221.
327 2857 418 2899 sacra,
454 2845 644 2903 supernatural.
668 2872 701 2878 —
751 2846 828 2892 tilare
831 2844 949 2907 fulgora,
951 2844 1072 2907 fulmina
1078 2846 1254 2905 praemicare.

206 2910 296 2959 maior
303 2912 446 2959 humana:
460 2909 492 2957 cf.
503 2910 566 2957 Plin.
575 2909 625 2971 Ep.
635 2911 699 2957 VII.
786 2909 841 2958 226.
861 2911 951 2958 iratus
964 2910 1040 2973 ignis
1052 2910 1127 2975 (Intr.
1139 2910 1193 2975 58):
1205 2911 1253 2959 the

205 2991 243 3037 27.
254 2992 268 3025 2
281 2977 386 3039 offertur
394 2979 418 3023 ei
428 2978 546 3024 mulieris
550 2977 641 3039 figura
654 2978 700 3023 leu-
752 2976 922 3025 thunderbolt
934 2976 962 3023 of
976 2991 1009 3025 an
1022 2991 1102 3041 angry
1113 2977 1184 3041 deity
1191 2996 1198 3037 ;
1217 2979 1252 3026 cf.

204 3061 281 3092 mana
289 3045 418 3106 grandior
423 3044 618 3106 pulchriorque.
754 3044 819 3091 Hor.
835 3046 862 3093 C.
876 3044 896 3092 Ι.
911 3057 933 3108 3.
944 3058 976 3104 40
988 3044 1251 3107 iracundafulmina,

239 3125 293 3175 223.
304 3113 340 3159 ad
350 3111 448 3159 omnia
458 3110 581 3173 fulgura,
591 3117 700 3173 alevery
752 3110 803 3158 and
816 3126 854 3159 vs.
866 3124 898 3174 93
911 3113 978 3159 irato
988 3112 1070 3158 sistro.

203 3179 275 3241 stasle
283 3178 467 3241 ofliglrtning;
480 3176 512 3225 cf.
523 3178 593 3225 Suet.
606 3179 659 3225 Cal.
669 3190 697 3241 51
786 3190 840 3239 227.
860 3177 922 3225 illa:
941 3192 977 3226 sc.
989 3184 1127 3239 tempestas.
1136 3206 1169 3213 -
1177 3178 1251 3225 nihil

203 3246 240 3293 ad
262 3246 371 3293 minima
399 3246 514 3292 tonitrua
542 3251 567 3292 et
586 3245 700 3307 fulgura
752 3244 866 3293 nocuit:
887 3246 951 3293 Intr.
965 3256 996 3308 25
1009 3262 1028 3293 c.

202 3314 323 3368 conivere,
333 3319 410 3373 caput
420 3313 552 3368 obvolvere,
562 3314 703 3359 atveroad
786 3324 840 3373 229.
871 3311 971 3374 vigili:
1006 3310 1090 3358 which
1125 3306 1250 3359 banishes

203 3380 302 3427 maiora
321 3381 456 3441 proripere
478 3395 504 3426 se
526 3396 539 3427 e
557 3385 636 3426 stralo
654 3379 700 3426 sub
751 3377 835 3440 sleep;
856 3378 920 3425 Intr.
934 3389 972 3441 59.

201 3447 342 3509 lectumque
353 3447 458 3494 condere
467 3446 565 3493 solebat.
785 3458 840 3507 ²32·
859 3444 931 3492 tela:
949 3445 987 3491 ie.
1004 3444 1066 3493 with
1085 3444 1167 3492 which
1187 3444 1250 3509 they

238 3526 292 3572 224.
312 3513 467 3561 exanimis:
486 3512 542 3566 half
556 3511 622 3559 dead
637 3510 698 3559 with
750 3511 844 3574 punish
856 3511 939 3576 guilty
951 3526 1019 3559 men.

202 3579 283 3642 fright
303 3587 330 3627 at
351 3579 395 3627 the
414 3594 474 3643 very
491 3578 547 3626 first
570 3577 700 3641 rumbling
785 3592 839 3642 233.
853 3578 970 3626 cristam
981 3578 1063 3641 galli:
1076 3577 1248 3627 i.e.acrested

202 3645 288 3695 sound
300 3647 326 3695 in
339 3647 384 3695 the
397 3646 452 3711 sky.
751 3645 816 3693 cock
825 3663 832 3705 ς
851 3646 915 3694 Intr.
929 3645 975 3704 60;
993 3645 1026 3692 cf.
1042 3658 1078 3692 12.
1091 3644 1124 3707 96
1141 3646 1199 3708 quis
1210 3661 1248 3693 ae·
1345 3696 1355 3709 Α

238 3726 292 3775 225.
312 3714 460 3761 fortuitus:
474 3712 698 3776 atrisyllable3cf.
746 3728 822 3775 gram
833 3714 962 3775 gallinam
976 3713 1120 3774 inpendat?
1149 3710 1247 3759 Acock

204 3779 328 3825 Manili.
342 3778 395 3826 182.
404 3787 595 3826 -ventorum
604 3778 698 3827 rabie:
751 3793 801 3827 was
814 3794 829 3826 a
842 3794 963 3828 common
977 3779 1089 3841 offering
1105 3786 1132 3825 to
1150 3780 1247 3826 Aescu·

202 3844 221 3889 it
238 3859 289 3890 was
307 3843 424 3891 believed
441 3844 498 3891 that
517 3842 628 3891 thunder
646 3845 697 3892 and
750 3845 840 3905 lapius.
