2717 4325
501 315 647 364 SATVRA
672 315 739 364 XIV

100 507 164 568 qua
180 495 275 567 pater
291 484 464 559 abstinuit,
484 505 560 546 mox
577 493 611 546 et
627 483 802 565 praeputia
818 491 947 564 ponunt
961 503 968 559 ;

103 596 271 657 Romanas
287 605 398 657 autem
416 593 507 655 soliti
524 601 740 655 contemnere
757 589 849 673 leges

5 712 6 723 ¹
103 703 273 766 Iudaicum
291 702 446 766 ediscunt
464 711 497 763 et
515 709 648 764 servant
665 721 704 763 ac
721 708 876 762 metuunt
894 699 945 762 ius

5 813 15 861 J
101 811 236 874 tradidit
253 831 374 874 arcano
391 811 622 892 quodcumque
640 807 808 870 volumine
826 809 972 892 Moyses,

1096 619 1143 655 100

102 939 168 982 non
186 928 373 982 monstrare
389 919 458 981 vias
476 918 591 980 eadem
610 916 674 979 nisi
693 937 786 979 saera
803 915 935 990 colenti,

102 1027 289 1109 quaesitum
305 1027 346 1089 ad
362 1027 491 1089 iontem
510 1025 598 1088 solos
615 1025 781 1088 deducere
797 1045 925 1105 verpos.

11 1210 14 1227 ¹
102 1135 160 1197 sed
177 1144 273 1215 pater
289 1135 323 1196 in
341 1155 450 1209 causa,
466 1133 519 1197 cui
536 1133 678 1214 septima
695 1153 845 1215 quaeque
862 1133 926 1195 fuit
943 1132 999 1195 lux

10 1271 11 1281 ¹
102 1244 222 1325 ignava
239 1252 272 1306 et
288 1252 417 1324 partem
434 1243 522 1305 vitae
539 1262 606 1305 non
624 1241 738 1323 attigit
756 1241 865 1305 ullam.

1098 1161 1144 1212 ¹05

151 1351 278 1432 Sponte
295 1362 408 1413 tamen
427 1351 564 1413 iuvenes
581 1349 756 1412 imitantur
772 1359 893 1425 cetera,
912 1349 1015 1413 solam

5 1456 10 1533 ζ
102 1459 199 1522 inviti
216 1480 348 1542 quoque
365 1459 536 1522 avaritiam
554 1479 709 1521 exercere
727 1458 893 1522 iubentur.

4 1613 11 1649 ‚
102 1567 188 1630 fallit
206 1569 294 1630 enim
312 1567 430 1630 vitium
450 1567 560 1648 specie
577 1566 711 1629 virtutis
730 1576 762 1630 et
782 1568 906 1642 umbra,

5 1716 6 1759 3
104 1697 180 1739 eum
197 1676 240 1738 sit
257 1677 354 1739 triste
371 1675 487 1739 habitu
503 1675 664 1756 vultuque
682 1684 715 1737 et
733 1684 827 1738 veste
844 1679 1007 1750 severum,
1101 1703 1146 1738 110

103 1805 166 1848 nec
183 1784 284 1847 dubie
302 1793 471 1867 tamquam
488 1783 578 1866 frugi
596 1783 749 1846 laudetur
766 1803 893 1859 avarus,

103 1904 271 1975 tamquam
289 1914 408 1974 parcus
425 1893 526 1956 homo
543 1901 576 1955 et
595 1912 705 1955 rerum
723 1892 830 1956 tutela
848 1913 981 1955 suarum

103 2011 196 2065 certa
212 2001 318 2084 magis
335 2022 434 2083 quam
451 2001 480 2064 si
496 2001 649 2063 fortunas
666 2010 776 2063 servet
793 2002 926 2064 easdem

106 2109 488 2194 Hesperidum‘serpens
505 2118 562 2172 aut
581 2109 749 2175 Ponticus.
787 2110 871 2174 adde
888 2111 975 2193 quod
989 2111 1087 2186 hunc,
1107 2111 1147 2174 de

102 2296 134 2341 ab
148 2296 198 2358 (11.
213 2294 259 2350 26;
274 2307 311 2358 13.
327 2293 394 2356 122),
406 2309 436 2341 or
448 2294 493 2342 the
505 2293 601 2350 dative,

5 2381 7 2388 ,
103 2362 170 2409 asin
185 2361 251 2408 Hor.
267 2362 293 2408 C.
308 2360 354 2407 IV.
367 2374 389 2423 9.
404 2374 435 2423 29
446 2361 525 2408 distat
535 2363 601 2408 iner-

104 2430 155 2475 tiae
165 2428 257 2475 virtus.
582 2447 584 2452 ·

137 2507 178 2559 99.
196 2494 347 2558 praeputia
360 2502 480 2557 ponunt,
492 2509 538 2541 are
554 2496 601 2541 cir·

103 2562 235 2610 cumcised.

141 2642 194 2676 roo.
213 2634 398 2675 contemnere
409 2626 510 2690 leges:
529 2627 601 2675 Taci-

104 2702 147 2743 tus
158 2695 237 2760 (Hist.
248 2695 280 2741 V.
292 2695 314 2757 5)
325 2709 383 2757 says
392 2694 448 2741 that
457 2686 600 2758 proselytos

104 2776 148 2809 are
159 2760 254 2823 taught
266 2761 495 2817 contemnerem,
510 2778 601 2809 exuere

4 2823 7 2830 ’
98 2829 225 2889 patriam,
244 2833 364 2890 parentes
387 2828 478 2875 liberos
499 2824 601 2892 fratrer

103 2896 168 2942 vilia
179 2895 277 2943 habere.

140 2974 194 3009 102.
230 2974 335 3009 arcano
363 2960 521 3009 volumine:
557 2962 601 3008 the

104 3027 275 3076 Pentateuch.

140 3101 207 3158 103.'
223 3107 281 3143 non
311 3100 481 3152 monstrare,
511 3095 601 3143 dedu-

103 3175 186 3210 cere:
202 3160 364 3224 appositives
375 3160 436 3208 with
450 3160 600 3211 Iudaicum

103 3230 164 3288 ius;
179 3228 211 3277 ci.
225 3228 288 3276 Tac.
300 3229 370 3276 Hist.
383 3227 416 3275 V.
430 3239 443 3291 5
455 3229 528 3290 apud
536 3230 601 3291 ipsm

97 3296 164 3358 fides
175 3296 306 3353 obstinata,
318 3296 364 3343 sed
375 3295 499 3342 adversus
516 3311 601 3343 omnes

100 3365 167 3411 alios
179 3362 268 3410 hostile
279 3364 373 3411 odium.

139 3444 194 3490 104.
212 3445 326 3495 verpos,
339 3431 381 3479 the
392 3433 560 3479 circumcised.

139 3497 193 3548 106.
229 3499 351 3562 ignava:
380 3498 414 3547 cf.
449 3498 510 3547 Tac.
534 3500 601 3545 Hist.

104 3567 135 3614 V.
155 3581 170 3627 4
188 3568 291 3629 septimo
314 3568 355 3614 die
377 3568 455 3615 otium
474 3567 603 3629 placuisse

100 3635 204 3696 ferunt,
233 3635 294 3696 quia
324 3635 347 3681 is
366 3633 451 3695 finem
485 3635 600 3682 laborum

103 3702 212 3756 tulerim
224 3701 283 3748 dein
293 3701 435 3748 blandiente
447 3702 540 3748 inertie
552 3708 602 3761 sep·

103 3768 195 3815 timum
226 3763 321 3830 qnoque
355 3782 454 3815 annum
484 3769 602 3831 rgnaviae

103 3834 202 3881 datum.

689 2294 810 2354 107-160.
841 2295 926 2359 Every
961 2294 1015 2342 vice
1056 2290 1147 2357 except

653 2361 754 2408 avariee
767 2360 811 2409 the
823 2375 911 2425 young
928 2375 995 2425 copy
1006 2360 1147 2425 willingly3

653 2427 680 2474 in
704 2426 756 2475 this
780 2427 855 2475 alone
879 2426 947 2491 'they
975 2441 1018 2475 are
1048 2427 1149 2475 trained

653 2494 756 2556 against
775 2493 841 2541 their
853 2493 912 2552 will,
926 2493 977 2541 and
995 2508 1038 2541 are
1057 2494 1149 2556 taught

653 2567 680 2607 to
691 2560 800 2623 practise
813 2575 958 2617 meanness,
968 2560 1023 2608 first
1036 2560 1061 2608 in
1074 2562 1149 2609 small

654 2626 824 2689 thing5„then
836 2627 863 2675 in
874 2635 954 2689 great.

689 2708 742 2757 109.
762 2695 853 2742 enirn:
873 2694 934 2757 they
945 2694 1056 2756 practise
1073 2694 1092 2741 it
1106 2710 1150 2742 un-

653 2761 780 2825 wiHingly,
792 2760 834 2807 lor
845 2760 864 2808 it
879 2760 956 2809 looks
968 2766 996 2808 to
1014 2760 1086 2809 them
1098 2761 1149 2809 like

654 2842 670 2875 a
691 2827 929 2890 virtue—specie
953 2827 1086 2876 virtutis:
1116 2827 1148 2875 ci.

655 2896 720 2947 Hor.
745 2896 778 2941 Α.
798 2895 829 2941 Ρ.
855 2906 885 2958 25
909 2894 1052 2956 decipimur
1073 2896 1149 2956 speeie

654 2964 722 3009 recti.

637 3048 640 3053 ·
690 3042 743 3075 111.
760 3036 909 3092 tamquam
923 3028 1013 3091 frugi:
1037 3027 1069 3076 cf.
1084 3028 1149 3075 Hor.

653 3097 679 3143 S.
694 3096 714 3142 l.
728 3110 750 3159 3.
763 3108 796 3157 49
809 3097 918 3156 parcius
935 3096 975 3141 eie
986 3096 1056 3153 vivet,
1070 3096 1150 3159 frugi

653 3163 761 3209 dicatur.

689 3242 742 3275 112.
760 3229 866 3278 tutela:
891 3228 1005 3277 abstract
1026 3228 1069 3276 for
1091 3244 1151 3275 con-

653 3303 720 3343 crete
733 3314 738 3354 ;
759 3296 823 3343 Hor.
839 3298 865 3343 C.
880 3295 926 3342 IV.
941 3308 978 3353 14.
992 3309 1024 3359 43
1042 3312 1055 3343 o
1072 3297 1149 3342 tutela

648 3370 770 3424 praesens
783 3364 882 3410 Italiae.

691 3444 743 3489 114.
780 3430 977 3494 Hesperidum
1011 3444 1148 3493 serpens:

655 3498 699 3546 the
722 3497 950 3546 hundred-headed
969 3505 1074 3560 serpent
1093 3505 1149 3544 sent

654 3565 688 3631 by
713 3567 784 3614 Here
813 3574 840 3614 to
870 3566 950 3629 guard
980 3566 1024 3613 the
1054 3564 1149 3627 golden

654 3633 745 3696 apples
757 3633 786 3681 oi
798 3633 841 3682 the
855 3632 1021 3696 Hesperides.
1031 3660 1064 3668 -
1073 3632 1150 3680 Pon·

654 3701 744 3750 ticus:
763 3700 808 3748 the
830 3700 930 3762 dragon
955 3699 1012 3747 that
1034 3698 1148 3761 guarded

654 3767 699 3815 the
717 3766 813 3831 golden
831 3765 1040 3815 fleece—adde
1059 3765 1148 3828 quod:

654 3833 687 3881 cf·
705 3845 742 3899 Ῑ5·
754 3847 795 3894 47·
